@inproceedings{freund1996experiments,
  title={Experiments with a new boosting algorithm},
  author={Freund, Yoav and Schapire, Robert E and others},
  booktitle={Icml},
  volume={96},
  pages={148--156},
  year={1996}
}

@ARTICLE{2016arXiv160302754C,
   author = {{Chen}, T. and {Guestrin}, C.},
   title = "{XGBoost: A Scalable Tree Boosting System}",
   journal = {ArXiv e-prints},
   archivePrefix = "arXiv",
   eprint = {1603.02754},
   primaryClass = "cs.LG",
   keywords = {Computer Science - Learning},
   year = 2016,
   month = mar,
   adsurl = {http://adsabs.harvard.edu/abs/2016arXiv160302754C},
   adsnote = {Provided by the SAO/NASA Astrophysics Data System}
}

@article{scikit-learn,
 title={Scikit-learn: Machine Learning in {P}ython},
  author={Pedregosa, F. and Varoquaux, G. and Gramfort, A. and Michel, V.
           and Thirion, B. and Grisel, O. and Blondel, M. and Prettenhofer, P.
           and Weiss, R. and Dubourg, V. and Vanderplas, J. and Passos, A. and
           Cournapeau, D. and Brucher, M. and Perrot, M. and Duchesnay, E.},
  journal={Journal of Machine Learning Research},
  volume={12},
  pages={2825--2830},
  year={2011}
}
				 